@misc{runeliteral,
    title = {Go Language Rune Literal Specification},
    howpublished = {\url{https://golang.org/ref/spec#Rune_literals}},
    note = {Accessed: 2020-02-17},
    year = {2020},
}

@misc{babysqrt,
    title = {Babylonian Square Root Method},
    howpublished = {\url{https://en.wikipedia.org/wiki/Methods_of_computing_square_roots#Babylonian_method}},
    year = {2020},
    note = {Accessed: 2020-02-17},
}

@misc{gotour,
    title = {Tour of the Go Language},
    howpublished = {\url{https://tour.golang.org/list}},
    note = {Accessed: 2020-02-22},
    year = {2020},
}
@misc{gosemi,
    title = {Go Language Semicolon Rules},
    howpublished = {\url{https://golang.org/ref/spec#Semicolons}},
    note = {Accessed: 2020-02-20},
    year = {2020},
}
@misc{gospec,
    title = {Go Language Specification},
    howpublished = {\url{https://golang.org/ref/spec}},
    note = {Accessed: 2020-03-30},
    year = {2020},
}

@MISC{VincentGoLite,
author = {Foley-Bourgon, Vincent},
title = {GoLite Project},
month = {Winter},
year = {2020},
howpublished={\url{https://www.cs.mcgill.ca/~cs520/2020/}}
}
@MISC{AlexBlankSpecs,
author = {Krolik, Alexander},
title = {Blank Identifier Specification},
month = {February},
year = {2020},
howpublished={\url{https://www.cs.mcgill.ca/~cs520/2020/}}
}
@MISC{VincentSyntaxSpecs,
author = {Foley-Bourgon, Vincent},
title = {GoLite Syntax Specification},
month = {February},
year = {2020},
howpublished={\url{https://www.cs.mcgill.ca/~cs520/2020/}}
}
@MISC{VincentTypecheckSpecs,
author = {Foley-Bourgon, Vincent},
title = {GoLite Type Checking Specification},
month = {February},
year = {2020},
howpublished={\url{https://www.cs.mcgill.ca/~cs520/2020/}}
}
@MISC{AlexGoLiteTute,
author = {Krolik, Alexander},
title = {GoLite Tutorial},
month = {Winter},
year = {2020},
howpublished={\url{https://www.cs.mcgill.ca/~cs520/2020/}}
}

@MISC{ass1,
author = {Krolik, Alexander},
title = {Individual Assignment \#1},
month = {Winter},
year = {2020},
howpublished={\url{https://www.cs.mcgill.ca/~cs520/2020/}}
}
@MISC{ass2,
author = {Krolik, Alexander},
title = {Individual Assignment \#2},
month = {Winter},
year = {2020},
howpublished={\url{https://www.cs.mcgill.ca/~cs520/2020/}}
}


@MISC{MattCompanies,
author = {Warcholinski, Matt},
title = {Top 7 Most Famous Companies Using Golang},
year = {2020},
howpublished={\url{https://brainhub.eu/blog/biggest-companies-using-golang/}}
}


%%%%%%%% REMOVE TEMPLATE BEFORE SUBMISSION %%%%%%%%  
@ARTICLE{Lamport1986,
   author = {L[eslie] A. Lamport},
   title = {The Gnats and Gnus Document Preparation System},
   journal = {G-Animal's Journal},
   year = 1986,
   volume = 41,
   number = 7,
   pages = "73+",
   month = jul,
}
@misc{Cunha13,
  author        = {Jo{\~a}o Cunha},
  title         = {Lecture notes in Computer Assisted Diagnosis},
  month         = {February},
  year          = {2013},
  publisher={Faculdade de Engenharia da Universidade do Porto}
}
